0100011    42001MAD2 2100002000   300322                                                  0000371991656H00002175        
0700011    42001MAD2 2100002000   310322                                                  0000371991656H00002176        
0100011    81001MAD2 2100060254   300322                                                  0000000000000{00022568        
0700011    81001MAD2 2100060254   310322                                                  0000000000000{00022569        
0100011    81001MAD2 2100160254   300322                                                  0000000000000{00022570        
0700011    81001MAD2 2100160254   310322                                                  0000000000000{00022571        
0100011    81001MAD2 2100260254   300322                                                  0000000000000{00022572        
0700011    81001MAD2 2100260254   310322                                                  0000000000000{00022573        
0100011    81001MAD2 2100360254   300322                                                  0000000000000{00022574        
0700011    81001MAD2 2100360254   310322                                                  0000000000000{00022575        
0100011    81001MAD2 2100460254   300322                                                  0000000000000{00022576        
0700011    81001MAD2 2100460254   310322                                                  0000000000000{00022577        
0100011    81001MAD2 2100560254   300322                                                  0000000000000{00022578        
0700011    81001MAD2 2100560254   310322                                                  0000000000000{00022579        
0100011    81001MAD2 2100660254   300322                                                  0000000000000{00022580        
0700011    81001MAD2 2100660254   310322                                                  0000000000000{00022581        
0100011    81040MAD2 2100060254   300322                                                  0023524530511D00023592        
0400011300181040MAD2 2100060254 91310322  310322VRTSRBMONCF                               0000200000000}00023593        
0400011349181040MAD2 2100060254 01310322  300322CHQ6584174                     6584174    0000000060000}00023594        
0400011349181040MAD2 2100060254 01310322  300322CHQ6584211                     6584211    0000000016464O00023595        
0400011351081040MAD2 2100060254 01310322  300322CHQ6584215                     6584215    0000013793159L00023596        
0400011349181040MAD2 2100060254 01310322  300322CHQ6584226                     6584226    0000000011080}00023597        
0400011225381040MAD2 2100060254 91310322  310322VRTPHOSPHATES                             0000055972112G00023598        
0400011225381040MAD2 2100060254 91310322  310322VRTCATBER                                 0000012025000{00023599        
0400011168681040MAD2 2100060254 23310322  310322PRLV.ITISSALAT                   .ITISS   0000000000708}00023600        
0400011761881040MAD2 2100060254 44310322  310322TRF22J036219                              0000117116653N00023601        
0400011711181040MAD2 2100060254 62310322  310322TBR.DOM000091                             0000000000500}00023602        
0400011711181040MAD2 2100060254 62310322  310322TBR.DOM000090                             0000000000500}00023603        
0400011711181040MAD2 2100060254 62310322  310322TBR.DOM000089                             0000000000500}00023604        
0700011    81040MAD2 2100060254 62310322                                                  0023261528058G00023605        
0100011    81040MAD2 2100260254   300322                                                  0005176295087C00023606        
0700011    81040MAD2 2100260254   310322                                                  0005176295087C00023607        
0100011    81040MAD2 2100360254   300322                                                  0010608490174}00023608        
0700011    81040MAD2 2100360254   310322                                                  0010608490174}00023609        
0100011    81040MAD2 2100460254   300322                                                  0000890318450A00023610        
0400011349181040MAD2 2100460254 01310322  300322CHQ1968974                     1968974    0000000200000}00023611        
0700011    81040MAD2 2100460254 01310322                                                  0000890118450A00023612        
0100011    81040MAD2 2100560254   300322                                                  0000296433360A00023613        
0400011121281040MAD2 2100560254 04310322  010422VERS PAR LAZRE                            0000000005000{00023614        
0700011    81040MAD2 2100560254 04310322                                                  0000296438360A00023615        
0100011    81040MAD2 2100660254   300322                                                  0077616428147Q00023616        
0700011    81040MAD2 2100660254   310322                                                  0077616428147Q00023617        
0100011    81040MAD2 2100760254   300322                                                  0000054973997K00023618        
0700011    81040MAD2 2100760254   310322                                                  0000054973997K00023619        
0100011    81040MAD2 2100960254   300322                                                  0047192777683B00023620        
0400011234681040MAD2 2100960254 91310322  310322CP VGARE 431                              0000000270000}00023621        
0500011    81040MAD2 2100960254 91310322      431                                                                       
0400011234681040MAD2 2100960254 91310322  310322CP VGARE 183                              0000000950000}00023622        
0500011    81040MAD2 2100960254 91310322      183                                                                       
0400011234681040MAD2 2100960254 91310322  310322CP VGARE 187                              0000000300000}00023623        
0500011    81040MAD2 2100960254 91310322      187                                                                       
0400011234681040MAD2 2100960254 91310322  310322CP VGARE 610                              0000000960000}00023624        
0500011    81040MAD2 2100960254 91310322      610                                                                       
0400011234681040MAD2 2100960254 91310322  310322CP VGARE 167                              0000000200000}00023625        
0500011    81040MAD2 2100960254 91310322      167                                                                       
0400011234781040MAD2 2100960254 91310322  310322CP DGARE 200                              0000008400000{00023626        
0500011    81040MAD2 2100960254 91310322      200                                                                       
0400011234781040MAD2 2100960254 91310322  310322CP DGARE 213                              0000002270000{00023627        
0500011    81040MAD2 2100960254 91310322      213                                                                       
0400011234781040MAD2 2100960254 91310322  310322CP DGARE 365                              0000000670000{00023628        
0500011    81040MAD2 2100960254 91310322      365                                                                       
0400011234781040MAD2 2100960254 91310322  310322CP DGARE 139                              0000001660000{00023629        
0500011    81040MAD2 2100960254 91310322      139                                                                       
0400011234781040MAD2 2100960254 91310322  310322CP DGARE 217                              0000003000000{00023630        
0500011    81040MAD2 2100960254 91310322      217                                                                       
0400011234781040MAD2 2100960254 91310322  310322CP DGARE 490                              0000001031000{00023631        
0500011    81040MAD2 2100960254 91310322      490                                                                       
0400011234781040MAD2 2100960254 91310322  310322CP DGARE 192                              0000000169500{00023632        
0500011    81040MAD2 2100960254 91310322      192                                                                       
0400011234781040MAD2 2100960254 91310322  310322CP DGARE 206                              0000003626500{00023633        
0500011    81040MAD2 2100960254 91310322      206                                                                       
0400011234781040MAD2 2100960254 91310322  310322CP DGARE 190                              0000001000000{00023634        
0500011    81040MAD2 2100960254 91310322      190                                                                       
0400011234781040MAD2 2100960254 91310322  310322CP DGARE 191                              0000001250000{00023635        
0500011    81040MAD2 2100960254 91310322      191                                                                       
0400011234781040MAD2 2100960254 91310322  310322CP DGARE 380                              0000006500000{00023636        
0500011    81040MAD2 2100960254 91310322      380                                                                       
0700011    81040MAD2 2100960254 91310322                                                  0047219674683B00023637        
0100011    81040MAD2 2101060254   300322                                                  0000031131900}00023638        
0700011    81040MAD2 2101060254   310322                                                  0000031131900}00023639        
0100011    81040MAD2 2101160254   300322                                                  0000000000000{00023640        
0400011351481040MAD2 2101160254 91310322  310322REM_029894350                             0000000006300{00023641        
0500011    81040MAD2 2101160254 91310322     206                                                                        
0400011350681040MAD2 2101160254 91310322  310322REM_029894351                             0000000012700{00023642        
0500011    81040MAD2 2101160254 91310322     206                                                                        
0400011351481040MAD2 2101160254 91310322  310322REM_033974411                             0000000067500{00023643        
0500011    81040MAD2 2101160254 91310322     206                                                                        
0400011192281040MAD2 2101160254 91310322  300322A8104022340609                            0000002080000{00023644        
0500011    81040MAD2 2101160254 91310322     206                                                                        
0400011192281040MAD2 2101160254 91310322  300322A8104022340614                            0000000650000{00023645        
0500011    81040MAD2 2101160254 91310322     206                                                                        
0400011192281040MAD2 2101160254 91310322  310322A8104022340951                            0000000650000{00023646        
0500011    81040MAD2 2101160254 91310322     206                                                                        
0400011192281040MAD2 2101160254 91310322  310322A8104022340953                            0000001460000{00023647        
0500011    81040MAD2 2101160254 91310322     206                                                                        
0400011949281040MAD2 2101160254 91310322  310322A8104022341212                            0000000650000}00023648        
0500011    81040MAD2 2101160254 91310322     206                                                                        
0400011949281040MAD2 2101160254 91310322  280322A8104022341298                            0000000650000}00023649        
0500011    81040MAD2 2101160254 91310322     206                                                                        
0400011234681040MAD2 2101160254 91310322  310322CP VONCF                                  0000003626500}00023650        
0500011    81040MAD2 2101160254 91310322     206                                                                        
0700011    81040MAD2 2101160254   310322                                                  0000000000000{00023651        
0100011    81040MAD2 2101260254   300322                                                  0000000000000{00023652        
0400011192281040MAD2 2101260254 91310322  310322A8104022340993                            0000000800000{00023653        
0500011    81040MAD2 2101260254 91310322     217                                                                        
0400011192281040MAD2 2101260254 91310322  310322A8104022340994                            0000003000000{00023654        
0500011    81040MAD2 2101260254 91310322     217                                                                        
0400011949281040MAD2 2101260254 91310322  280322A8104022341283                            0000000800000}00023655        
0500011    81040MAD2 2101260254 91310322     217                                                                        
0400011234681040MAD2 2101260254 91310322  310322CP VONCF                                  0000003000000}00023656        
0500011    81040MAD2 2101260254 91310322     217                                                                        
0700011    81040MAD2 2101260254   310322                                                  0000000000000{00023657        
0100011    81040MAD2 2101360254   300322                                                  0000000000000{00023658        
0400011192281040MAD2 2101360254 91310322  310322A8104022340941                            0000002270000{00023659        
0500011    81040MAD2 2101360254 91310322     213                                                                        
0400011192281040MAD2 2101360254 91310322  310322A8104022340945                            0000000660000{00023660        
0500011    81040MAD2 2101360254 91310322     213                                                                        
0400011949281040MAD2 2101360254 91310322  280322A8104022341290                            0000000660000}00023661        
0500011    81040MAD2 2101360254 91310322     213                                                                        
0400011234681040MAD2 2101360254 91310322  310322CP VONCF                                  0000002270000}00023662        
0500011    81040MAD2 2101360254 91310322     213                                                                        
0700011    81040MAD2 2101360254   310322                                                  0000000000000{00023663        
0100011    81040MAD2 2101460254   300322                                                  0000000000000{00023664        
0400011192281040MAD2 2101460254 91310322  300322A8104022340624                            0000000600000{00023665        
0500011    81040MAD2 2101460254 91310322     200                                                                        
0400011192281040MAD2 2101460254 91310322  300322A8104022340633                            0000004200000{00023666        
0500011    81040MAD2 2101460254 91310322     200                                                                        
0400011192281040MAD2 2101460254 91310322  310322A8104022340964                            0000004200000{00023667        
0500011    81040MAD2 2101460254 91310322     200                                                                        
0400011192281040MAD2 2101460254 91310322  310322A8104022340971                            0000000600000{00023668        
0500011    81040MAD2 2101460254 91310322     200                                                                        
0400011949281040MAD2 2101460254 91310322  290322A8104022341206                            0000000600000}00023669        
0500011    81040MAD2 2101460254 91310322     200                                                                        
0400011949281040MAD2 2101460254 91310322  280322A8104022341308                            0000000600000}00023670        
0500011    81040MAD2 2101460254 91310322     200                                                                        
0400011234681040MAD2 2101460254 91310322  310322CP VONCF                                  0000008400000}00023671        
0500011    81040MAD2 2101460254 91310322     200                                                                        
0700011    81040MAD2 2101460254   310322                                                  0000000000000{00023672        
0100011    81040MAD2 2101560254   300322                                                  0000000000000{00023673        
0400011192281040MAD2 2101560254 91310322  310322A8104022340999                            0000003250000{00023674        
0500011    81040MAD2 2101560254 91310322     191                                                                        
0400011949281040MAD2 2101560254 91310322  280322A8104022341317                            0000002000000}00023675        
0500011    81040MAD2 2101560254 91310322     191                                                                        
0400011234681040MAD2 2101560254 91310322  310322CP VONCF                                  0000001250000}00023676        
0500011    81040MAD2 2101560254 91310322     191                                                                        
0700011    81040MAD2 2101560254   310322                                                  0000000000000{00023677        
0100011    81040MAD2 2101660254   300322                                                  0000000000000{00023678        
0400011192281040MAD2 2101660254 91310322  310322A8104022340932                            0000001470000{00023679        
0500011    81040MAD2 2101660254 91310322     190                                                                        
0400011949281040MAD2 2101660254 91310322  280322A8104022341332                            0000000470000}00023680        
0500011    81040MAD2 2101660254 91310322     190                                                                        
0400011234681040MAD2 2101660254 91310322  310322CP VONCF                                  0000001000000}00023681        
0500011    81040MAD2 2101660254 91310322     190                                                                        
0700011    81040MAD2 2101660254   310322                                                  0000000000000{00023682        
0100011    81040MAD2 2101760254   300322                                                  0000000000000{00023683        
0400011949281040MAD2 2101760254 91310322  280322A8104022341361                            0000000950000}00023684        
0500011    81040MAD2 2101760254 91310322     183                                                                        
0400011234781040MAD2 2101760254 91310322  310322CP DONCF                                  0000000950000{00023685        
0500011    81040MAD2 2101760254 91310322     183                                                                        
0700011    81040MAD2 2101760254   310322                                                  0000000000000{00023686        
0100011    81040MAD2 2101860254   300322                                                  0000000000000{00023687        
0700011    81040MAD2 2101860254   310322                                                  0000000000000{00023688        
0100011    81040MAD2 2101960254   300322                                                  0000000000000{00023689        
0400011192281040MAD2 2101960254 91310322  310322A8104022340978                            0000000022500{00023690        
0500011    81040MAD2 2101960254 91310322     192                                                                        
0400011192281040MAD2 2101960254 91310322  310322A8104022340985                            0000000147000{00023691        
0500011    81040MAD2 2101960254 91310322     192                                                                        
0400011234681040MAD2 2101960254 91310322  310322CP VONCF                                  0000000169500}00023692        
0500011    81040MAD2 2101960254 91310322     192                                                                        
0700011    81040MAD2 2101960254   310322                                                  0000000000000{00023693        
0100011    81040MAD2 2102060254   300322                                                  0000000000000{00023694        
0700011    81040MAD2 2102060254   310322                                                  0000000000000{00023695        
0100011    81040MAD2 2102160254   300322                                                  0000000000000{00023696        
0400011949281040MAD2 2102160254 91310322  280322A8104022341343                            0000000300000}00023697        
0500011    81040MAD2 2102160254 91310322     187                                                                        
0400011234781040MAD2 2102160254 91310322  310322CP DONCF                                  0000000300000{00023698        
0500011    81040MAD2 2102160254 91310322     187                                                                        
0700011    81040MAD2 2102160254   310322                                                  0000000000000{00023699        
0100011    81040MAD2 2102260254   300322                                                  0000000000000{00023700        
0400011192281040MAD2 2102260254 91310322  300322A8104022340590                            0000000500000{00023701        
0500011    81040MAD2 2102260254 91310322     380                                                                        
0400011192281040MAD2 2102260254 91310322  300322A8104022340596                            0000003600000{00023702        
0500011    81040MAD2 2102260254 91310322     380                                                                        
0400011192281040MAD2 2102260254 91310322  310322A8104022341007                            0000000500000{00023703        
0500011    81040MAD2 2102260254 91310322     380                                                                        
0400011192281040MAD2 2102260254 91310322  310322A8104022341010                            0000002900000{00023704        
0500011    81040MAD2 2102260254 91310322     380                                                                        
0400011949281040MAD2 2102260254 91310322  290322A8104022341192                            0000000500000}00023705        
0500011    81040MAD2 2102260254 91310322     380                                                                        
0400011949281040MAD2 2102260254 91310322  280322A8104022341264                            0000000500000}00023706        
0500011    81040MAD2 2102260254 91310322     380                                                                        
0400011234681040MAD2 2102260254 91310322  310322CP VONCF                                  0000006500000}00023707        
0500011    81040MAD2 2102260254 91310322     380                                                                        
0700011    81040MAD2 2102260254   310322                                                  0000000000000{00023708        
0100011    81040MAD2 2102360254   300322                                                  0000000000000{00023709        
0400011192281040MAD2 2102360254 91310322  010422COLLECTE_G4S                              0000000180000{00023710        
0500011    81040MAD2 2102360254 91310322     490                                                                        
0400011192281040MAD2 2102360254 91310322  010422COLLECTE_G4S                              0000000851000{00023711        
0500011    81040MAD2 2102360254 91310322     490                                                                        
0400011234681040MAD2 2102360254 91310322  310322CP VONCF                                  0000001031000}00023712        
0500011    81040MAD2 2102360254 91310322     490                                                                        
0700011    81040MAD2 2102360254   310322                                                  0000000000000{00023713        
0100011    81040MAD2 2102460254   300322                                                  0000000000000{00023714        
0400011949281040MAD2 2102460254 91310322  280322A8104022341272                            0000000270000}00023715        
0500011    81040MAD2 2102460254 91310322     431                                                                        
0400011234781040MAD2 2102460254 91310322  310322CP DONCF                                  0000000270000{00023716        
0500011    81040MAD2 2102460254 91310322     431                                                                        
0700011    81040MAD2 2102460254   310322                                                  0000000000000{00023717        
0100011    81040MAD2 2102560254   300322                                                  0000000000000{00023718        
0700011    81040MAD2 2102560254   310322                                                  0000000000000{00023719        
0100011    81040MAD2 2102660254   300322                                                  0000000000000{00023720        
0700011    81040MAD2 2102660254   310322                                                  0000000000000{00023721        
0100011    81040MAD2 2102760254   300322                                                  0000000000000{00023722        
0700011    81040MAD2 2102760254   310322                                                  0000000000000{00023723        
0100011    81040MAD2 2102860254   300322                                                  0000000000000{00023724        
0700011    81040MAD2 2102860254   310322                                                  0000000000000{00023725        
0100011    81040MAD2 2102960254   300322                                                  0000000000000{00023726        
0700011    81040MAD2 2102960254   310322                                                  0000000000000{00023727        
0100011    81040MAD2 2103060254   300322                                                  0000000000000{00023728        
0700011    81040MAD2 2103060254   310322                                                  0000000000000{00023729        
0100011    81040MAD2 2103160254   300322                                                  0000000000000{00023730        
0700011    81040MAD2 2103160254   310322                                                  0000000000000{00023731        
0100011    81040MAD2 2103260254   300322                                                  0000000000000{00023732        
0700011    81040MAD2 2103260254   310322                                                  0000000000000{00023733        
0100011    81040MAD2 2103360254   300322                                                  0000000000000{00023734        
0400011192281040MAD2 2103360254 91310322  310322A8104022340922                            0000000670000{00023735        
0500011    81040MAD2 2103360254 91310322     365                                                                        
0400011234681040MAD2 2103360254 91310322  310322CP VONCF                                  0000000670000}00023736        
0500011    81040MAD2 2103360254 91310322     365                                                                        
0700011    81040MAD2 2103360254   310322                                                  0000000000000{00023737        
0100011    81040MAD2 2103460254   300322                                                  0000000000000{00023738        
0400011192281040MAD2 2103460254 91310322  310322A8104022341003                            0000002390000{00023739        
0500011    81040MAD2 2103460254 91310322     139                                                                        
0400011949281040MAD2 2103460254 91310322  280322A8104022341353                            0000000730000}00023740        
0500011    81040MAD2 2103460254 91310322     139                                                                        
0400011234681040MAD2 2103460254 91310322  310322CP VONCF                                  0000001660000}00023741        
0500011    81040MAD2 2103460254 91310322     139                                                                        
0700011    81040MAD2 2103460254   310322                                                  0000000000000{00023742        
0100011    81040MAD2 2103560254   300322                                                  0000000000000{00023743        
0400011949281040MAD2 2103560254 91310322  280322A8104022341280                            0000000960000}00023744        
0500011    81040MAD2 2103560254 91310322     610                                                                        
0400011234781040MAD2 2103560254 91310322  310322CP DONCF                                  0000000960000{00023745        
0500011    81040MAD2 2103560254 91310322     610                                                                        
0700011    81040MAD2 2103560254   310322                                                  0000000000000{00023746        
0100011    81040MAD2 2103660254   300322                                                  0000000000000{00023747        
0400011949281040MAD2 2103660254 91310322  280322A8104022341352                            0000000200000}00023748        
0500011    81040MAD2 2103660254 91310322     167                                                                        
0400011234781040MAD2 2103660254 91310322  310322CP DONCF                                  0000000200000{00023749        
0500011    81040MAD2 2103660254 91310322     167                                                                        
0700011    81040MAD2 2103660254   310322                                                  0000000000000{00023750        
0100011    81040MAD2 2103760254   300322                                                  0000000000000{00023751        
0700011    81040MAD2 2103760254   310322                                                  0000000000000{00023752        
0100011    81040MAD2 2103860254   300322                                                  0000000000000{00023753        
0700011    81040MAD2 2103860254   310322                                                  0000000000000{00023754        
0100011    81040MAD2 2104060254   300322                                                  0000000000000{00023755        
0700011    81040MAD2 2104060254   310322                                                  0000000000000{00023756        
0100011    81040MAD2 2104160254   300322                                                  0000000000000{00023757        
0700011    81040MAD2 2104160254   310322                                                  0000000000000{00023758        
0100011    81040MAD2 2104260254   300322                                                  0008687554890C00023759        
0400011225381040MAD2 2104260254 91310322  310322VRTRECOCHEM AF                            0000000006144{00023760        
0400011225381040MAD2 2104260254 91310322  310322VRTSTE CONFIRM                            0000028989870{00023761        
0400011350681040MAD2 2104260254 91310322  310322REM_035551295                             0000000124680{00023762        
0400011146281040MAD2 2104260254 16310322  040422REMLC000002028                            0000010000000{00023763        
0700011    81040MAD2 2104260254 16310322                                                  0008726675584C00023764        
0100011    81040MAD2 2104360254   300322                                                  0001485978679{00023765        
0700011    81040MAD2 2104360254   310322                                                  0001485978679{00023766        
0100011    81040MAD2 2104460254   300322                                                  0000000907200{00023767        
0700011    81040MAD2 2104460254   310322                                                  0000000907200{00023768        
0100011    81040MAD2 2104560254   300322                                                  0000058168536}00023769        
0400011261181040MAD2 2104560254 91310322  310322MAD.MARIA CHRA                            0000000150000}00023770        
0700011    81040MAD2 2104560254 91310322                                                  0000058318536}00023771        
0100011    81040MAD2 2104660254   300322                                                  0000084627507E00023772        
0400011146281040MAD2 2104660254 16310322  040422REMLC000002030                            0000000045000{00023773        
0700011    81040MAD2 2104660254 16310322                                                  0000084672507E00023774        
0100011    81040MAD2 2104760254   300322                                                  0001000000000{00023775        
0700011    81040MAD2 2104760254   310322                                                  0001000000000{00023776        
